@article{van2012estimating,
  title={Estimating net transition probabilities from cross-sectional data with application to risk factors in chronic disease modeling},
  author={Van de Kassteele, Jan and Hoogenveen, RT and Engelfriet, PM and Van Baal, PHM and Boshuizen, HC},
  journal={Statistics in medicine},
  volume={31},
  number={6},
  pages={533--543},
  year={2012},
  publisher={Wiley Online Library}
}
